<?xml version="1.0" encoding="UTF-8"?><collection xmlns="http://www.loc.gov/MARC21/slim"><record><leader>00473nam--2200133-i-4500</leader><controlfield tag="001">000025820</controlfield><controlfield tag="002">20161230</controlfield><controlfield tag="005">20161230201036</controlfield><controlfield tag="008">060222s1000------------r-----000-0-eng-d</controlfield><datafield ind1=" " ind2=" " tag="100"><subfield code="a">Kahan, T., Rideau, G.Et Roussopoulos, P</subfield></datafield><datafield ind1=" " ind2=" " tag="245"><subfield code="a">Les methodes d`approximation variationnelles dans la theorie des collisions atomiques et dans la physique des piles nucleaires</subfield></datafield><datafield ind1=" " ind2=" " tag="260"><subfield code="a">Paris, Gauthier-villars, 1956, 82p</subfield></datafield><datafield ind1=" " ind2=" " tag="490"><subfield code="a">Memorial Des Sciences Mathematiques</subfield></datafield><datafield ind1=" " ind2=" " tag="852"><subfield code="a">12646</subfield></datafield></record></collection>